@inproceedings{ramaswamy2013convex,
  title={Convex calibrated surrogates for low-rank loss matrices with applications to subset ranking losses},
  author={Ramaswamy, Harish G and Agarwal, Shivani and Tewari, Ambuj},
  booktitle={Advances in Neural Information Processing Systems},
  pages={1475--1483},
  year={2013}
}

@article{ramaswamy2016convex,
  title={Convex calibration dimension for multiclass loss matrices},
  author={Ramaswamy, Harish G and Agarwal, Shivani},
  journal={The Journal of Machine Learning Research},
  volume={17},
  number={1},
  pages={397--441},
  year={2016},
  publisher={JMLR. org}
}

@article{li2011short,
  title={A short introduction to learning to rank},
  author={Li, Hang},
  journal={IEICE TRANSACTIONS on Information and Systems},
  volume={94},
  number={10},
  pages={1854--1862},
  year={2011},
  publisher={The Institute of Electronics, Information and Communication Engineers}
}

@article{tewari2007consistency,
  title={On the consistency of multiclass classification methods},
  author={Tewari, Ambuj and Bartlett, Peter L},
  journal={Journal of Machine Learning Research},
  volume={8},
  number={May},
  pages={1007--1025},
  year={2007}
}

@article{nowak2018sharp,
  title={Sharp analysis of learning with discrete losses},
  author={Nowak-Vila, Alex and Bach, Francis and Rudi, Alessandro},
  journal={arXiv preprint arXiv:1810.06839},
  year={2018}
}

@inproceedings{xia2008listwise,
  title={Listwise approach to learning to rank: theory and algorithm},
  author={Xia, Fen and Liu, Tie-Yan and Wang, Jue and Zhang, Wensheng and Li, Hang},
  booktitle={Proceedings of the 25th international conference on Machine learning},
  pages={1192--1199},
  year={2008},
  organization={ACM}
}
