@Book{Bishop06,
  author = 	 "Christopher M. Bishop",
  title = 	 "Pattern Recognition and Machine Learning",
  publisher = 	 "Springer",
  year = 	 "2006"
}

@inproceedings{FreundSc96,
  author    = {Yoav Freund and Robert E. Schapire},
  title     = {Experiments with a New Boosting Algorithm},
  booktitle = {Proceedings of the 13th International Conference on Machine Learning (ICML)},
  year      = {1996}
}

@misc{DuaKa17 ,
author = "Dua, Dheeru and Karra Taniskidou, Efi",
year = "2017",
title = "{UCI Machine Learning Repository}",
note = "http://archive.ics.uci.edu/ml",
institution = "University of California, Irvine, School of Information and Computer Sciences" }

@article{LeCun+15,
  author    = {Yann LeCun and Yoshua Bengio and Geoffrey E. Hinton},
  title     = {Deep Learning},
  journal   = {Nature},
  volume    = {521},
  number    = {7553},
  pages     = {436--444},
  year      = {2015}
}
